<collection xmlns="http://www.loc.gov/MARC21/slim">
   <record>
      <leader>01967cam a2200373 i 45 0</leader>
      <controlfield tag="001">6849489</controlfield>
      <controlfield tag="003">OCoLC</controlfield>
      <controlfield tag="005">20150306115528.0</controlfield>
      <controlfield tag="008">141002s2015    dcu      b    001 0 eng  </controlfield>
      <datafield ind1=" " ind2=" " tag="010">
         <subfield code="a">  2014038606</subfield>
      </datafield>
      <datafield ind1=" " ind2=" " tag="020">
         <subfield code="a">9780815726517 (hardcover : alk. paper)</subfield>
      </datafield>
      <datafield ind1=" " ind2=" " tag="020">
         <subfield code="a">0815726511 (hardcover : alk. paper)</subfield>
      </datafield>
      <datafield ind1=" " ind2=" " tag="035">
         <subfield code="a">ocn891619201</subfield>
      </datafield>
      <datafield ind1=" " ind2=" " tag="040">
         <subfield code="a">DLC</subfield>
         <subfield code="b">eng</subfield>
         <subfield code="e">rda</subfield>
         <subfield code="c">DLC</subfield>
         <subfield code="d">BTCTA</subfield>
         <subfield code="d">YDXCP</subfield>
         <subfield code="d">DBI</subfield>
         <subfield code="d">HDC</subfield>
         <subfield code="d">BDX</subfield>
         <subfield code="d">DGU</subfield>
         <subfield code="d">CDX</subfield>
         <subfield code="d">AFMK</subfield>
      </datafield>
      <datafield ind1=" " ind2=" " tag="042">
         <subfield code="a">pcc</subfield>
      </datafield>
      <datafield ind1="0" ind2="0" tag="050">
         <subfield code="a">GV721</subfield>
         <subfield code="b">.Z56 2015</subfield>
      </datafield>
      <datafield ind1="0" ind2="0" tag="082">
         <subfield code="a">796.48</subfield>
         <subfield code="2">23</subfield>
      </datafield>
      <datafield ind1=" " ind2=" " tag="090">
         <subfield code="a">GV 721 Z56 2015</subfield>
         <subfield code="b">AFMK</subfield>
      </datafield>
      <datafield ind1="1" ind2=" " tag="100">
         <subfield code="a">Zimbalist, Andrew S.</subfield>
         <subfield code="0">http://id.loc.gov/authorities/names/n77017076</subfield>
         <subfield code="0">http://viaf.org/viaf/41913865</subfield>
      </datafield>
      <datafield ind1="1" ind2="0" tag="245">
         <subfield code="a">Circus maximus :</subfield>
         <subfield code="b">the economic gamble behind hosting the Olympics and the World Cup /</subfield>
         <subfield code="c">Andrew Zimbalist.</subfield>
      </datafield>
      <datafield ind1=" " ind2="1" tag="264">
         <subfield code="a">Washington, D.C. :</subfield>
         <subfield code="b">Brookings Institution Press,</subfield>
         <subfield code="c">[2015]</subfield>
      </datafield>
      <datafield ind1=" " ind2=" " tag="300">
         <subfield code="a">xiii, 174 pages ;</subfield>
         <subfield code="c">24 cm</subfield>
      </datafield>
      <datafield ind1=" " ind2=" " tag="336">
         <subfield code="a">text</subfield>
         <subfield code="b">txt</subfield>
         <subfield code="2">rdacontent</subfield>
         <subfield code="0">http://id.loc.gov/vocabulary/contentTypes/txt</subfield>
      </datafield>
      <datafield ind1=" " ind2=" " tag="337">
         <subfield code="a">unmediated</subfield>
         <subfield code="b">n</subfield>
         <subfield code="2">rdamedia</subfield>
         <subfield code="0">http://id.loc.gov/vocabulary/mediaTypes/n</subfield>
      </datafield>
      <datafield ind1=" " ind2=" " tag="338">
         <subfield code="a">volume</subfield>
         <subfield code="b">nc</subfield>
         <subfield code="2">rdacarrier</subfield>
         <subfield code="0">http://id.loc.gov/vocabulary/carriers/nc</subfield>
      </datafield>
      <datafield ind1=" " ind2=" " tag="504">
         <subfield code="a">Includes bibliographical references (pages 137-163) and index.</subfield>
      </datafield>
      <datafield ind1="0" ind2=" " tag="505">
         <subfield code="a">What's wrong with the Olympics and the World Cup -- Setting the stage -- The short-run economic impact -- The long-run economic impact -- Barcelona and Sochi -- Rio-Brazil and London -- Bread or circuses?</subfield>
      </datafield>
      <datafield ind1=" " ind2="0" tag="650">
         <subfield code="a">Hosting of sporting events</subfield>
         <subfield code="x">Economic aspects.</subfield>
      </datafield>
      <datafield ind1=" " ind2="0" tag="650">
         <subfield code="a">Olympics</subfield>
         <subfield code="x">Economic aspects.</subfield>
         <subfield code="0">http://id.loc.gov/authorities/subjects/sh2010104391</subfield>
      </datafield>
      <datafield ind1=" " ind2="0" tag="650">
         <subfield code="a">Soccer</subfield>
         <subfield code="x">Economic aspects.</subfield>
         <subfield code="0">http://id.loc.gov/authorities/subjects/sh85123854</subfield>
      </datafield>
      <datafield ind1=" " ind2=" " tag="596">
         <subfield code="a">8</subfield>
      </datafield>
      <datafield ind1=" " ind2=" " tag="758">
         <subfield code="0">http://worldcat.org/entity/work/id/355828973</subfield>
      </datafield>
      <datafield ind1="0" ind2=" " tag="787">
         <subfield code="n">OCLC Work Id</subfield>
         <subfield code="o">http://worldcat.org/entity/work/id/355828973</subfield>
      </datafield>
      <datafield ind1=" " ind2=" " tag="926">
         <subfield code="a">GV 721 Z56 2015</subfield>
         <subfield code="w">LC</subfield>
         <subfield code="c">1</subfield>
         <subfield code="i">34917001374789</subfield>
         <subfield code="d">8/24/2016</subfield>
         <subfield code="e">8/15/2016</subfield>
         <subfield code="l">ON_SHELF</subfield>
         <subfield code="m">KEYANO</subfield>
         <subfield code="n">1</subfield>
         <subfield code="p">$23.25</subfield>
         <subfield code="r">Y</subfield>
         <subfield code="s">Y</subfield>
         <subfield code="t">BOOK</subfield>
         <subfield code="u">3/6/2015</subfield>
         <subfield code="o">.STAFF. Rec'd Apr/15 MW</subfield>
      </datafield>
   </record>
</collection>
